@article{Fark02,
  author  = {Farkas, J.},
  title   = {{\"Uber die Theorie der Einfachen Ungleichungen}},
  journal = {Journal f\"ur die Reine und Angewandte Mathematik},
  volume  = {124},
  pages   = {1-27},
  year    = {1902}
}
@mastersthesis{Karu39,
  author  = {Karush, W.},
  title   = {{Minima of Functions of Several Variables with Inequalities as Side Constraints}},
  school  = {Department of Mathematics, University of Chicago},
  address = {Chicago, IL, USA},
  year    = {1939}
}
@inproceedings{KuhnTuck51,
  author    = {Kuhn, H. W. and Tucker, A. W.},
  title     = {{Nonlinear Programming}},
  booktitle = {Proceedings of the Second Berkeley Symposium on Mathematical Statistics and Probability},
  editor    = {Neyman, J.},
  address   = {University of California Press, Berkeley, CA, USA},
  pages     = {481-492},
  year      = {1951}
}